@inproceedings{shrivastava2014asymmetric,
  title={Asymmetric LSH (ALSH) for sublinear time maximum inner product search (MIPS)},
  author={Shrivastava, Anshumali and Li, Ping},
  booktitle={Advances in Neural Information Processing Systems},
  pages={2321--2329},
  year={2014}
}
@inproceedings{indyk1998approximate,
  title={Approximate nearest neighbors: towards removing the curse of dimensionality},
  author={Indyk, Piotr and Motwani, Rajeev},
  booktitle={Proceedings of the thirtieth annual ACM symposium on Theory of computing},
  pages={604--613},
  year={1998},
  organization={ACM}
}
@InProceedings{Shen_2015_ICCV,
author = {Shen, Fumin and Liu, Wei and Zhang, Shaoting and Yang, Yang and Tao Shen, Heng},
title = {Learning Binary Codes for Maximum Inner Product Search},
booktitle = {The IEEE International Conference on Computer Vision (ICCV)},
month = {December},
year = {2015}
}
@inproceedings{rastegari2016xnor,
  title={Xnor-net: Imagenet classification using binary convolutional neural networks},
  author={Rastegari, Mohammad and Ordonez, Vicente and Redmon, Joseph and Farhadi, Ali},
  booktitle={European Conference on Computer Vision},
  pages={525--542},
  year={2016},
  organization={Springer}
}
@inproceedings{rendle2009bpr,
  title={BPR: Bayesian personalized ranking from implicit feedback},
  author={Rendle, Steffen and Freudenthaler, Christoph and Gantner, Zeno and Schmidt-Thieme, Lars},
  booktitle={Proceedings of the twenty-fifth conference on uncertainty in artificial intelligence},
  pages={452--461},
  year={2009},
  organization={AUAI Press}
}
@article{harper2016movielens,
  title={The movielens datasets: History and context},
  author={Harper, F Maxwell and Konstan, Joseph A},
  journal={ACM Transactions on Interactive Intelligent Systems (TiiS)},
  volume={5},
  number={4},
  pages={19},
  year={2016},
  publisher={ACM}
}
@article{mula2016faster,
  title={Faster Population Counts using AVX2 Instructions},
  author={Mu{\l}a, Wojciech and Kurz, Nathan and Lemire, Daniel},
  journal={arXiv preprint arXiv:1611.07612},
  year={2016}
}